2122 3417
1707 211 1730 248 Ue

1736 211 1757 249 ,μὴ

1761 210 1784 249 Ιθ

151 209 240 259 (64)
602 221 665 248 Tu.
698 220 895 249 Lousaxeu.
929 221 1086 248 PLANTAE
1114 221 1344 249 SELERIANAE.

151 314 189 349 J.
219 325 311 359 spec.

203 378 346 460 Hstrbitat
362 379 399 413 in
415 379 565 420 Mentiri),
590 378 625 413 in
646 379 831 424 provincia
845 378 1008 425 Chiapas,
1026 390 1096 414 uua
1116 390 1196 415 cum
1214 379 1431 425 praecedeute
1454 390 1460 414 :
1485 380 1565 415 Sel.
1587 391 1622 415 11.
1646 380 1781 416 251141).

154 446 201 449 -
220 436 229 460 1
255 429 321 460 art.

226 489 423 526 Exemplare
438 490 522 517 oliue
538 490 666 517 Eliiten.

153 560 510 652 *153³'Hiphyttaxldifficsu
549 560 678 596 Schltr.
715 560 772 606 (z
792 560 1038 606 Epz'demlrmn
1061 561 1230 606 [Ie'ffnswn
1259 561 1347 603 Sw,
1368 562 1565 608 Sei-apleyta
1588 562 1783 606 nudemus-a

154 619 273 643 '⁴1SCl.
296 619 314 643 e
351 617 442 642 sev.

200 672 345 707 Habitat
376 673 413 707 in
440 672 659 708 Guatemala.
683 672 717 707 in
749 672 934 718 provincia
960 672 1275 719 Huebuetenaugo,
1308 673 1346 708 in
1369 673 1544 719 quercetis
1569 685 1675 719 prope
1696 675 1784 710 (xliia-

152 720 243 761 eula,
272 719 374 754 iuxta
398 718 638 761 Uaxackanal,
667 720 730 754 alt.
764 719 962 755 1400-1600
992 719 1069 766 ped.
1095 731 1100 754 z
1131 721 1214 755 Sel.
1246 731 1281 755 11.
1311 720 1402 755 2320
1432 732 1466 755 u.
1491 720 1595 755 2321.
1619 742 1664 745 —
1686 722 1780 756 Flor.

152 767 404 813 fusco-purpur
425 778 431 801 ε
453 767 543 813 Aug.

153 843 263 879 Csrlz'a
287 843 548 890 nmerostachya
570 843 647 878 Ldl.

199 907 344 943 Habitat
366 908 403 943 in
418 908 637 950 Guateiuala,
662 908 699 942 iu
721 908 906 953 provincia
921 908 1236 955 Huebuetenango,
1261 909 1297 943 iu
1318 908 1466 955 rupibus
1486 909 1652 944 caleareis
1672 910 1783 944 erosis

151 966 260 1001 >prope
277 955 450 1002 Cbaquial
475 966 481 989 :
505 955 586 990 Sel.
608 966 642 990 11.
664 955 769 990 2344.
792 977 837 980 —
858 956 954 991 Flor.
979 967 1049 991 ros.
1076 967 1082 991 1
1104 956 1199 1002 Sept.

151 1037 409 1083 Arpoplzyllum
432 1037 595 1083 alpinum
618 1037 695 1073 Ldl.

198 1102 344 1138 Habitat
374 1103 410 1137 in
438 1102 666 1144 Guatemakr,
697 1103 733 1137 in
762 1103 947 1148 provincia
972 1104 1281 1149 irlliimaltenango,
1309 1104 1343 1138 in
1375 1104 1587 1150 cupressetis
1606 1105 1782 1140 montium

151 1164 169 1183 «
192 1150 309 1185 Sierra
327 1150 400 1186 Sta.
423 1150 536 1190 Elena
558 1163 574 1182 »
598 1151 661 1185 alt.
684 1161 714 1185 c.
739 1150 831 1185 3000
852 1162 898 1186 m.
925 1162 931 1185 2
956 1150 1040 1185 Sel.
1062 1163 1098 1186 11.
1121 1150 1226 1186 2307.
1246 1172 1289 1176 —
1313 1151 1364 1187 Fi.
1385 1162 1455 1187 ros.
1480 1163 1486 1186 ;
1510 1152 1605 1198 Sept.

150 1233 195 1267 A.
217 1233 419 1278 ffl'gyanteum
441 1232 518 1267 Ldl.

198 1298 342 1333 Habitat
371 1298 409 1332 in
436 1298 656 1339 Guatemala,
695 1298 732 1332 iu
762 1297 947 1343 provincia
977 1298 1176 1339 Escuintla,
1214 1298 1419 1344 epiphytica
1447 1299 1484 1334 iu
1514 1299 1702 1334 arboribus
1722 1300 1784 1333 sil-

150 1356 275 1380 varum
294 1345 546 1391 priuiaevaruui
568 1356 674 1391 prope
696 1345 803 1380 Fiuea
825 1345 911 1380 Java
932 1356 938 1379 :
963 1345 1047 1381 Sel.
1068 1357 1103 1380 11.
1128 1345 1232 1381 2455.
1253 1367 1300 1370 —
1320 1346 1412 1381 Nov,

150 1428 358 1474 Hartn’eyia
376 1439 563 1474 purpurea
586 1427 663 1463 Ldl.

197 1493 342 1529 Habitat
362 1493 399 1528 in
414 1493 633 1535 Guatemala,
658 1493 695 1528 in
714 1493 900 1539 provincia
914 1493 1222 1540 Cliiiiialtena11g‹·›,
1241 1494 1277 1529 in
1299 1495 1473 1541 quercetis
1489 1505 1596 1540 prope
1611 1495 1779 1541 Poaquilz

147 1541 236 1576 Sel.
261 1552 296 1576 11.
319 1540 424 1576 2623.
448 1562 490 1565 —
511 1541 564 1576 Fi.
588 1541 667 1575 lrete
684 1552 778 1576 ros:
804 1542 890 1587 Apr.

148 1624 397 1670 Epidendrum
415 1628 719 1670 atroparpzcreum
744 1623 867 1659 Willd.

196 1689 341 1724 Habitat
362 1689 398 1723 iu
418 1688 570 1725 Mexico.
593 1689 629 1723 iu
650 1689 838 1735 provincia
852 1689 1015 1734 Chiapas,
1032 1689 1275 1735 epiphyticun]
1299 1689 1333 1723 in
1356 1689 1544 1724 arboribus
1564 1689 1725 1736 rupibus(
1740 1701 1783 1725 ue

148 1748 255 1782 prope
281 1736 387 1772 cerro
417 1736 459 1771 de
486 1736 639 1771 Tonala:
669 1736 756 1772 Sel.
788 1748 823 1771 11.
856 1736 958 1771 1803.
982 1757 1026 1761 —
1046 1737 1099 1772 Fl.
1124 1736 1271 1778 bruun.,
1296 1736 1425 1771 labello
1447 1748 1623 1783 purpureo
1645 1748 1651 1771 :
1676 1702 1778 1772 Feiir.

148 1813 193 1849 E.
216 1814 470 1848 aurantiucum
491 1813 625 1848 Batem.

195 1878 341 1913 Habitat
364 1877 401 1912 in
422 1877 642 1919 Guatemala,
667 1878 702 1912 in
721 1877 907 1924 provincia
922 1878 1164 1924 Cbiquimula,
1188 1878 1225 1913 in
1247 1878 1377 1924 pinetis
1394 1882 1428 1913 et
1449 1879 1486 1913 in
1507 1879 1656 1924 rupibus
1677 1890 1782 1925 supra

147 1925 382 1972 Esquipulas:
407 1925 488 1961 Sel.
513 1936 548 1960 n.
573 1924 678 1960 3423.
703 1947 747 1950 —
769 1925 864 1960 Flor.
882 1929 1045 1960 aurant.:
1069 1926 1146 1961 Jan.
1172 1926 1338 1971 (Specim.
1361 1927 1469 1961 cult:
1491 1926 1579 1962 Sel.
1603 1938 1639 1961 11.
1658 1926 1778 1971 2515).

147 2003 192 2037 E.
215 2002 343 2037 citiore
363 2002 402 2038 L.

194 2067 340 2103 Habitat
366 2067 404 2102 in
425 2067 646 2108 Guatemala,
676 2067 712 2102 in
736 2067 921 2113 provincia
943 2068 1258 2114 Huebueteuango,
1287 2068 1324 2103 in
1344 2068 1532 2104 arboribus
1552 2079 1660 2115 prope
1680 2069 1779 2112 Quen

144 2115 269 2156 Saum,
293 2115 355 2150 alt.
381 2114 470 2150 1300
492 2126 538 2149 111.
561 2136 605 2140 -—
623 2114 708 2150 Sel.
734 2126 769 2149 n.
791 2115 896 2150 2315.
920 2136 963 2141 —
982 2115 1077 2150 Flor.
1102 2115 1203 2150 niV.:
1228 2116 1318 2162 Aug.

148 2192 192 2227 E.
215 2191 392 2227 cochleare
416 2192 453 2227 L.

194 2256 339 2291 Habitat
355 2257 391 2291 in
405 2256 624 2298 Guatemala,
642 2256 679 2291 in
695 2257 881 2303 provincia
897 2256 1211 2303 Huehuetenango,
1230 2257 1266 2292 in
1282 2257 1470 2304 quereibus
1485 2268 1591 2304 prope
1606 2258 1778 2294 Chaonia:

146 2304 367 2346 Sel.0306;
393 2304 431 2339 in
452 2303 640 2339 arboribus
661 2315 768 2350 prope
787 2304 884 2347 Quen
906 2304 1016 2340 Santo
1038 2315 1044 2339 :
1066 2305 1150 2340 Sel.
1172 2316 1207 2340 11.
1231 2304 1323 2340 2328
1343 2316 1378 2340 u.
1402 2304 1507 2340 3002.
1528 2326 1571 2330 —
1590 2306 1778 2351 Jul.—Sept.

152 2382 191 2417 15.
215 2381 417 2416 erubescens
438 2380 513 2417 Ldl.

148 2494 178 2528 W
194 2446 339 2481 Habitat
355 2445 391 2480 in
406 2446 558 2488 Mexico,
583 2446 621 2481 in
642 2446 827 2492 provincia
847 2446 998 2488 Oaxaca,
1020 2446 1057 2481 in
1072 2446 1178 2483 Cerro
1194 2446 1264 2482 San
1279 2446 1398 2493 Felipe
1422 2459 1428 2482 ;
1449 2447 1530 2482 Sel.
1554 2458 1590 2483 n.
1612 2447 1711 2482 1401.
1736 2469 1780 2472 —

147 2502 159 2528 1
182 2504 240 2528 ov.

147 2570 191 2606 Ε.
213 2569 430 2615 ⁷qlzemaeezcm
454 2569 530 2604 Ldl.
556 2569 644 2604 var?

147 2682 169 2717 S
194 2634 388 2706 Habitaetqig
406 2634 628 2717 Guatelpialffl
646 2634 684 2669 iu
698 2635 886 2680 provincia
895 2634 1210 2681 Huebuetenang0‚
1229 2635 1264 2670 in
1281 2635 1471 2682 quercibus
1486 2646 1593 2682 prope
1602 2636 1754 2672 Chaonia
1770 2648 1776 2670 :

181 2683 235 2717 el.
258 2683 420 2717 11...).7.
444 2703 489 2706 —
542 2693 598 2728 ug.

218 2746 261 2774 Es
282 2747 327 2774 ist
348 2746 632 2774 wahrscheinlieb
648 2768 654 2777 .
683 2746 761 2773 (lass
783 2746 875 2774 diese
898 2746 1028 2773 Pflanze
1050 2746 1098 2773 als
1120 2755 1202 2774 neue
1223 2747 1284 2775 Art
1304 2756 1341 2774 zu
1363 2747 1558 2775 betraehten
1581 2748 1651 2775 sein
1674 2748 1779 2781 mmm

148 2782 249 2809 leider
267 2782 312 2809 ist
326 2782 384 2810 das
402 2782 554 2810 Mater-im
571 2790 609 2809 zu
631 2782 778 2817 sparlioh
795 2791 848 2809 un]
870 2782 942 2809 hier
956 2782 1048 2809 diese
1065 2783 1169 2818 Frage
1185 2782 1354 2819 endgu'itig
1369 2792 1406 2810 zu
1425 2783 1642 2811 entscheiden

147 2854 191 2888 E.
211 2853 418 2888 ochraceum
439 2853 517 2888 Ldl.

194 2918 340 2953 Habitat
369 2919 407 2953 in
434 2918 654 2959 Guatemala‚
688 2918 725 2953 in
752 2918 938 2963 provincia
956 2918 1277 2964 Huehuetenango,
1307 2919 1345 2954 in
1371 2919 1520 2965 rupibus
1545 2930 1652 2965 prope
1679 2920 1777 2962 Quen

148 2965 270 3008 santo,
299 2966 362 3001 alt.
390 2965 480 3001 1300
508 2977 554 3000 111.
588 2977 594 3000 ;
625 2965 714 3001 Sel.
744 2976 779 3000 n.
801 2965 916 3002 2991:
944 2968 977 3000 et
1006 2967 1044 3000 in
1074 2977 1175 3011 prov.
1198 2965 1495 3013 Chimaltenaugo
1526 2966 1563 3001 in
1590 2967 1779 3013 quercibus

148 3023 255 3058 prope
275 3012 426 3060 Poaquil
452 3025 457 3048 :
482 3013 564 3049 Sel.
589 3024 624 3048 n.
649 3012 754 3048 2394.
777 3034 823 3037 —
842 3013 896 3047 Fl.
920 3012 1041 3048 ssavid.
1068 3024 1074 3048 z
1098 3014 1185 3059 Apr.
1209 3017 1242 3048 et
1262 3014 1333 3049 Jul.
